<?xml version="1.0" encoding="UTF-8"?><collection xmlns="http://www.loc.gov/MARC21/slim"><record><leader>00439nam--2200145-i-4500</leader><controlfield tag="001">000037959</controlfield><controlfield tag="002">20161230</controlfield><controlfield tag="005">20161230201041</controlfield><controlfield tag="008">060222s1000------------r-----000-0-eng-d</controlfield><datafield ind1=" " ind2=" " tag="080"><subfield code="a">621.375.826</subfield></datafield><datafield ind1=" " ind2=" " tag="100"><subfield code="a">Ratner, A.M</subfield></datafield><datafield ind1=" " ind2=" " tag="245"><subfield code="a">Spectral, spatial and temporal properties of lasers. trans.from russian by paul robeson jr</subfield></datafield><datafield ind1=" " ind2=" " tag="260"><subfield code="a">New York, Plenum Press, 1972, Xiv + 217p</subfield></datafield><datafield ind1=" " ind2=" " tag="490"><subfield code="a">Optical Physics And Engineering</subfield></datafield><datafield ind1=" " ind2=" " tag="852"><subfield code="a">38330</subfield></datafield></record></collection>